<record><leader>00000cas a2200000 a 4500</leader><controlfield tag="001">49423534</controlfield><controlfield tag="008">020329d19uu1964cauwr ne      0    0eng c</controlfield><datafield ind1=" " ind2=" " tag="010"><subfield code="a">sn2002060204</subfield></datafield><datafield ind1=" " ind2=" " tag="040"><subfield code="a">CNK</subfield><subfield code="b">eng</subfield><subfield code="c">CNK</subfield><subfield code="d">OCLCQ</subfield><subfield code="d">OCLCF</subfield><subfield code="d">OCLCO</subfield></datafield><datafield ind1="1" ind2=" " tag="029"><subfield code="a">AU@</subfield><subfield code="b">000023463866</subfield></datafield><datafield ind1=" " ind2=" " tag="042"><subfield code="a">pcc</subfield></datafield><datafield ind1=" " ind2=" " tag="043"><subfield code="a">n-us-ca</subfield></datafield><datafield ind1="0" ind2="0" tag="245"><subfield code="a">Buena Park independent.</subfield></datafield><datafield ind1="3" ind2=" " tag="246"><subfield code="a">Santa Ana independent and news-advertiser</subfield></datafield><datafield ind1=" " ind2=" " tag="260"><subfield code="a">Garden Grove, Calif. :</subfield><subfield code="b">West Orange Pub. Corp.</subfield></datafield><datafield ind1=" " ind2=" " tag="300"><subfield code="a">v.</subfield></datafield><datafield ind1=" " ind2=" " tag="310"><subfield code="a">Weekly</subfield></datafield><datafield ind1="0" ind2=" " tag="362"><subfield code="a">-v. 5, no. 28 (May 20, 1964).</subfield></datafield><datafield ind1=" " ind2=" " tag="500"><subfield code="a">"Santa Ana Independent and News-Advertiser" appears in small print below "Buena Park Independent," &lt;Feb 27&gt;-Mar. 11, 1964.</subfield></datafield><datafield ind1=" " ind2=" " tag="588"><subfield code="a">Description based on: Vol. 5, no. 13 (Feb. 13, 1964).</subfield></datafield><datafield ind1=" " ind2="0" tag="651"><subfield code="a">Buena Park (Calif.)</subfield><subfield code="v">Newspapers.</subfield></datafield><datafield ind1=" " ind2="7" tag="655"><subfield code="a">Newspapers.</subfield><subfield code="2">fast</subfield><subfield code="0">(OCoLC)fst01423814</subfield></datafield><datafield ind1=" " ind2="7" tag="651"><subfield code="a">California</subfield><subfield code="z">Buena Park.</subfield><subfield code="2">fast</subfield><subfield code="0">(OCoLC)fst01217483</subfield></datafield><datafield ind1=" " ind2=" " tag="752"><subfield code="a">United States</subfield><subfield code="b">California</subfield><subfield code="c">Orange</subfield><subfield code="d">Garden Grove.</subfield></datafield><datafield ind1="0" ind2=" " tag="775"><subfield code="t">Santa Ana independent</subfield><subfield code="w">(DLC)sn 00060426</subfield></datafield><datafield ind1="0" ind2="7" tag="785"><subfield code="t">Buena Park news and West Orange County progress</subfield><subfield code="w">(DLC)sn2003061170</subfield></datafield><datafield ind1="0" ind2="7" tag="785"><subfield code="t">Buena Park news and independent</subfield><subfield code="w">(DLC)sn2003061171</subfield></datafield></record>